<?xml version="1.0" encoding="UTF-8"?><record xmlns="http://www.loc.gov/MARC21/slim" xmlns:cinclude="http://apache.org/cocoon/include/1.0" xmlns:zs="http://www.loc.gov/zing/srw/">
  <leader>00506nz  a2200133n  4500</leader>
  <controlfield tag="001">n  98086614 </controlfield>
  <controlfield tag="003">DLC</controlfield>
  <controlfield tag="005">19980928113454.8</controlfield>
  <controlfield tag="008">980925n| acannaab|          |a aaa |||  </controlfield>
  <datafield tag="010" ind1=" " ind2=" ">
    <subfield code="a">n  98086614 </subfield>
  </datafield>
  <datafield tag="040" ind1=" " ind2=" ">
    <subfield code="a">DLC</subfield>
    <subfield code="c">DLC</subfield>
  </datafield>
  <datafield tag="100" ind1="1" ind2="0">
    <subfield code="a">Dobrzhinskiĭ, Evgeniĭ Narkisovich,</subfield>
    <subfield code="d">1864-1938</subfield>
  </datafield>
  <datafield tag="400" ind1="1" ind2="0">
    <subfield code="a">Dobrzhinskiĭ, E. N.</subfield>
    <subfield code="q">(Evgeniĭ Narkisovich),</subfield>
    <subfield code="d">1864-1938</subfield>
  </datafield>
  <datafield tag="670" ind1=" " ind2=" ">
    <subfield code="a">E.N. Dobrzhinskiĭ i bibliotechnoe delo v ... 1997:</subfield>
    <subfield code="b">p. 3 (Evgeniĭ Narkisovich Dobrzhinskiĭ) p. 5 (b. Jan. 21, 1864) p. 12 (d. Jan. 6, 1938)</subfield>
  </datafield>
</record>